% Encoding: UTF-8

@Online{Azure,
  author = {Microsoft Azure},
  title  = {Wat is DevOps?},
  url    = {https://azure.microsoft.com/nl-nl/resources/cloud-computing-dictionary/what-is-devops},
}

@Online{RedHat2023,
  author = {RedHat},
  date   = {2023-03-10},
  title  = {What is DevSecOps},
  url    = {https://www.redhat.com/en/topics/devops/what-is-devsecops},
}

@Online{Tigera2024,
  author = {Tigera},
  date   = {2024-01-18},
  title  = {16 Amazing DevSecOps Tools to Shift Your Security Left},
  url    = {https://www.tigera.io/learn/guides/devsecops/devsecops-tools/},
}

@Comment{jabref-meta: databaseType:biblatex;}
