% Encoding: UTF-8

@Online{redhat2023,
  author = {RedHat},
  date   = {2023-03-10},
  title  = {What is DevSecOps?},
  url    = {https://www.redhat.com/en/topics/devops/what-is-devsecops},
}

@Article{Ramaj2022,
  author       = {Ramaj, Xhesika and Sánchez-Gordón, Mary and Gkioulos, Vasileios and Chockalingam, Sabarathinam and Colomo-Palacios, Ricardo},
  date         = {2022-11-12},
  journaltitle = {electronics},
  title        = {Holding on to Compliance While Adopting DevSecOps: An SLR},
}

@Article{Zeeshan2020,
  author       = {Afzaal Ahmad Zeeshan},
  date         = {2020},
  journaltitle = {Securing Moderns Software Applications},
  title        = {DevSecOps for .NET core},
  pages        = {265-278},
}

@Article{RajaviDesai2021,
  author       = {Rajavi Desai, T. N. Nisha},
  date         = {2021},
  journaltitle = {journal of physics: Conference Series},
  title        = {Best Practices for Ensuring Security in DevOps: A Case Study Approach},
}

@Online{Chandramouli2022,
  author = {Ramaswamy Chandramouli},
  date   = {2022-03},
  title  = {Implementation of DevSecOps for a microservices-based application with service mesh.},
  url    = {https://doi.org/10.6028/nist.sp.800-204c},
}

@Comment{jabref-meta: databaseType:biblatex;}
